@article{apon2015,
author = {Apon, Amy and Ngo, Linh and Payne, Michael and Wilson, Paul},
year = {2014},
month = {02},
pages = {},
title = {Assessing the effect of high performance computing capabilities on academic research output},
volume = {48},
journal = {Empirical Economics},
doi = {10.1007/s00181-014-0833-7}
}

@misc{OracleSustainabilty,
  title = {{Oracle cloud sustainability}},
  howpublished = {\url{https://www.oracle.com/uk/sustainability/green-cloud/}},
  note = {Accessed: 2022-07-19}
}

@misc{OracleResearch,
  title = {{Oracle for Research}},
  howpublished = {\url{https://docs.oracle.com/en/programs/research/}},
  note = {Accessed: 2022-07-19}
}

@misc{NeuroDesk,
  title = {{NeuroDesk}},
  howpublished = {\url{https://www.neurodesk.org/}},
  note = {Accessed: 2022-07-19}
}